<record><leader>00000cas a22000001a 4500</leader><controlfield tag="001">21284162</controlfield><controlfield tag="007">hd afb---baca</controlfield><controlfield tag="007">hd bfb---baaa</controlfield><controlfield tag="008">900329d19171919njuwr n a     0    0eng  </controlfield><datafield ind1=" " ind2=" " tag="010"><subfield code="a">sf 90090034 </subfield></datafield><datafield ind1=" " ind2=" " tag="040"><subfield code="a">DLC</subfield><subfield code="b">eng</subfield><subfield code="c">DLC</subfield><subfield code="d">RQM</subfield><subfield code="d">DLC</subfield><subfield code="d">OCLCQ</subfield><subfield code="d">OCLCO</subfield><subfield code="d">OCLCF</subfield><subfield code="d">OCLCQ</subfield></datafield><datafield ind1=" " ind2=" " tag="012"><subfield code="i">9003</subfield></datafield><datafield ind1=" " ind2=" " tag="042"><subfield code="a">pcc</subfield></datafield><datafield ind1=" " ind2=" " tag="043"><subfield code="a">n-us-nj</subfield></datafield><datafield ind1="0" ind2="0" tag="050"><subfield code="a">Microfilm 39112</subfield></datafield><datafield ind1="0" ind2="0" tag="245"><subfield code="a">Camp Dix times.</subfield></datafield><datafield ind1="1" ind2="7" tag="246"><subfield code="a">Trench and camp</subfield></datafield><datafield ind1=" " ind2=" " tag="250"><subfield code="a">[Camp Dix ed.].</subfield></datafield><datafield ind1=" " ind2=" " tag="260"><subfield code="a">Trenton, N.J. :</subfield><subfield code="b">Trenton Evening Times</subfield></datafield><datafield ind1=" " ind2=" " tag="300"><subfield code="a">volumes :</subfield><subfield code="b">illustrations ;</subfield><subfield code="c">46 cm</subfield></datafield><datafield ind1=" " ind2=" " tag="310"><subfield code="a">Weekly</subfield></datafield><datafield ind1=" " ind2=" " tag="336"><subfield code="a">text</subfield><subfield code="b">txt</subfield><subfield code="2">rdacontent</subfield></datafield><datafield ind1=" " ind2=" " tag="337"><subfield code="a">microform</subfield><subfield code="b">h</subfield><subfield code="2">rdamedia</subfield></datafield><datafield ind1=" " ind2=" " tag="338"><subfield code="a">microfilm reel</subfield><subfield code="b">hd</subfield><subfield code="2">rdacarrier</subfield></datafield><datafield ind1="1" ind2=" " tag="362"><subfield code="a">Began with Nov. 8, 1917 issue; ceased in 1919.</subfield></datafield><datafield ind1=" " ind2=" " tag="500"><subfield code="a">"Camp Dix edition of Trench and camp, published weekly under the auspices of the Y.M.C.A. War Work Council, by the Trenton times, Trenton, N.J."</subfield></datafield><datafield ind1=" " ind2=" " tag="530"><subfield code="a">Also issued in print.</subfield></datafield><datafield ind1=" " ind2=" " tag="588"><subfield code="a">Description based on: Vol. 1, no. 7 (Nov. 22, 1917).</subfield></datafield><datafield ind1=" " ind2=" " tag="533"><subfield code="a">Microfilm.</subfield><subfield code="m">v.1-2 (1917-1919)</subfield><subfield code="b">Washington, D.C. :</subfield><subfield code="c">Library of Congress Preservation Microfilming Program :</subfield><subfield code="c">Available from Library of Congress Photoduplication Service.</subfield><subfield code="e">microfilm reels ; 35 mm.</subfield></datafield><datafield ind1=" " ind2="0" tag="651"><subfield code="a">Fort Dix (N.J.)</subfield><subfield code="v">Newspapers.</subfield></datafield><datafield ind1=" " ind2="7" tag="651"><subfield code="a">New Jersey</subfield><subfield code="z">Fort Dix.</subfield><subfield code="2">fast</subfield><subfield code="0">(OCoLC)fst01230709</subfield></datafield><datafield ind1=" " ind2="7" tag="655"><subfield code="a">Newspapers.</subfield><subfield code="2">fast</subfield><subfield code="0">(OCoLC)fst01423814</subfield></datafield><datafield ind1="1" ind2=" " tag="710"><subfield code="a">Camp Dix (N.J.)</subfield></datafield><datafield ind1="2" ind2=" " tag="710"><subfield code="a">National War Work Council, Y.M.C.A. of the United States.</subfield></datafield><datafield ind1=" " ind2=" " tag="752"><subfield code="a">United States</subfield><subfield code="b">New Jersey</subfield><subfield code="c">Burlington</subfield><subfield code="d">Fort Dix.</subfield></datafield><datafield ind1=" " ind2=" " tag="752"><subfield code="a">United States</subfield><subfield code="b">New Jersey</subfield><subfield code="c">Burlington</subfield><subfield code="d">Camp Dix.</subfield></datafield><datafield ind1=" " ind2=" " tag="752"><subfield code="a">United States</subfield><subfield code="b">New Jersey</subfield><subfield code="c">Mercer</subfield><subfield code="d">Trenton.</subfield></datafield><datafield ind1="1" ind2=" " tag="776"><subfield code="c">Original</subfield><subfield code="w">(DLC)   47039947</subfield></datafield><datafield ind1="1" ind2=" " tag="787"><subfield code="t">Trenton evening times (1906)</subfield></datafield><datafield ind1=" " ind2=" " tag="850"><subfield code="a">DLC</subfield><subfield code="a">DLC (master)</subfield></datafield><datafield ind1="1" ind2=" " tag="029"><subfield code="a">AU@</subfield><subfield code="b">000020582497</subfield></datafield></record>